
@INPROCEEDINGS{ctrl:lamb-SOSE,
 author={Lamb, Christopher C. and Jamkhedkar, Pramod A. and Heileman, Gregory L. and Abdallah, Chaouki T.},
 booktitle={System of Systems Engineering (SoSE), 2011 6th International Conference on}, title={Managed control of composite cloud systems},
 year={2011},
 month={june},
 volume={},
 number={},
 pages={167 -172},
 keywords={},
 doi={10.1109/SYSOSE.2011.5966592},
 ISSN={},
} 

@inproceedings{Jamkhedkar:2010:IUM:1866870.1866885,
 author = {Jamkhedkar, Pramod A. and Heileman, Gregory L. and Lamb, Chris C.},
 title = {An interoperable usage management framework},
 booktitle = {Proceedings of the tenth annual ACM workshop on Digital rights management},
 series = {DRM '10},
 year = {2010},
 isbn = {978-1-4503-0091-9},
 location = {Chicago, Illinois, USA},
 pages = {73--88},
 numpages = {16},
 url = {http://doi.acm.org/10.1145/1866870.1866885},
 doi = {http://doi.acm.org/10.1145/1866870.1866885},
 acmid = {1866885},
 publisher = {ACM},
 address = {New York, NY, USA},
 keywords = {access control, drm, formal methods, interoperability},
} 

@inproceedings{ctrl:lamb-MCCCS,
 author = {Lamb, Christopher C. and Jamkhedkar, Pramod A. and Heileman, Gregory L. and Abdallah, Chaouki T.},
 title = {Managed Control of Composite Cloud Systems},
 booktitle = {6th IEEE International Conference on System of Systems Engineering (SOSE)},
 location = {Albuquerque, New Mexico, USA},
 publisher = {IEEE},
 keywords = {Usage Management, Cloud Computing, System of Systems},
} 

@book{Hochbaum:1996:AAN:241938,
 editor = {Hochbaum, Dorit S.},
 title = {Approximation algorithms for NP-hard problems},
 year = {1997},
 isbn = {0-534-94968-1},
 publisher = {PWS Publishing Co.},
 address = {Boston, MA, USA},
}

@book{comptheory:papadimitriou:computational-complexity,
  title={{Computational complexity}},
  booktitle={{Computational complexity}},
  author={Christos M. Papadimitriou},
  ISBN={0201530821},
  MR={95f:68082},
  publisher={Addison-Wesley},
  address={Reading, Massachusetts},
  year={1994}
}

@book{comptheory:sipser:intro-comp-theory,
 author = {Sipser, Michael},
 title = {Introduction to the Theory of Computation},
 year = {1997},
 isbn = {053494728X},
 edition = {1st},
 publisher = {International Thomson Publishing},
}

@MISC {ctrl:satcompetition,
  title = "SAT Competitions",
  month = "May",
  year = 2011,
  howpublished = "{http://www.satcompetition.org/}"
}

@MISC {ctrl:amazon-sla,
  title = "{A}mazon {EC2} {SLA}",
  month = "May",
  year = 2011,
  howpublished = "{http://aws.amazon.com/ec2-sla/}"
}

@MISC {ctrl:rackspace-sla,
  title = "{R}ackspace {C}loud - {SLA}",
  month = "May",
  year = 2011,
  howpublished = "{http://www.rackspace.com/cloud/legal/sla/}"
}

@inproceedings{ctrl:google-arch,
    author  = "Dean, Jeff",
    title   = "{D}esigns, {L}essons and {A}dvice from {B}uilding {L}arge {D}istributed {S}ystems",
    publisher = "Presented at the Large-Scale Distributed Systems and Middleware (LADIS) Conference",
    year    = 2009
}

@MISC {ctrl:amazon-best-practice,
  author = {Varia, Jinesh},
  title = "{A}rchitecting for the {C}loud: {B}est {P}ractices",
  month = "January",
  year = 2010,
  url = "{http://aws.amazon.com/architecture/}"
}

@MISC {ctrl:amazon-fault-tolerant,
  author = {Barr, J. and Narin, A. and Varia, J.},
  title = "{B}uilding {F}ault-{T}olerant {A}pplications on {AWS}",
  month = "May",
  year = 2010,
  url = "{http://aws.amazon.com/architecture/}"
}

@MISC {ctrl:amazon-cloud-watch,
  title = "{A}mazon {C}loudwatch",
  month = "May",
  year = 2011,
  howpublished = "{http://aws.amazon.com/cloudwatch/}"
}

@MISC {ctrl:amazon-auto-scale,
  title = "{{A}uto {S}caling}",
  month = "May",
  year = 2011,
  howpublished = "{http://aws.amazon.com/autoscaling/}"
}

@article{ctrl:Zhu:2009:CTB:1496909.1496922,
 author = {Zhu, Xiaoyun and Uysal, Mustafa and Wang, Zhikui and Singhal, Sharad and Merchant, Arif and Padala, Pradeep and Shin, Kang},
 title = {What does control theory bring to systems research?},
 journal = {SIGOPS Oper. Syst. Rev.},
 volume = {43},
 issue = {1},
 month = {January},
 year = {2009},
 issn = {0163-5980},
 pages = {62--69},
 numpages = {8},
 url = {http://doi.acm.org/10.1145/1496909.1496922},
 doi = {http://doi.acm.org/10.1145/1496909.1496922},
 acmid = {1496922},
 publisher = {ACM},
 address = {New York, NY, USA},
 keywords = {control theory, dynamics, model, stability, systems research},
} 

@INPROCEEDINGS{ctrl:chen-ghwbhs:2010,
author={Yuan Chen and Gmach, D. and Hyser, C. and Wang, Z. and Bash, C. and Hoover, C. and Singhal, S.},
booktitle={Network Operations and Management Symposium (NOMS), 2010 IEEE}, title={Integrated management of application performance, power and cooling in data centers},
year={2010},
month=april,
volume={},
number={},
pages={615 -622},
keywords={application performance management;cooling infrastructure;data centers;dynamic workload migration;energy consumption reduction;integrated management;power infrastructure;computer centres;computer network management;cooling;},
doi={10.1109/NOMS.2010.5488433},
ISSN={1542-1201},}

@ARTICLE{ctrl:ariba-GL:2009,
author={Ariba, Y. and Gouaisbaut, F. and Labit, Y.},
journal={Network and Service Management, IEEE Transactions on}, title={Feedback control for router management and TCP/IP network stability},
year={2009},
month=december ,
volume={6},
number={4},
pages={255 -266},
keywords={AQM design;QoS;TCP/IP network stability;active queue management;communication networks;feedback control theory;modified fluid flow model;multiple time delay systems;network topology;quadratic separation framework;quality of service;router management;structured state feedback;telecommunication congestion control;transmission control protocol;computer network management;delays;quality of service;queueing theory;stability;state feedback;telecommunication congestion control;telecommunication network topology;time-varying systems;transport protocols;},
doi={10.1109/TNSM.2009.04.090405},
ISSN={1932-4537},}

@ARTICLE{ctrl:wang-cgswrzh:2009,
author={Zhikui Wang and Yuan Chen and Gmach, D. and Singhal, S. and Watson, B.J. and Rivera, W. and Xiaoyun Zhu and Hyser, C.D.},
journal={Network and Service Management, IEEE Transactions on}, title={AppRAISE: application-level performance management in virtualized server environments},
year={2009},
month=december ,
volume={6},
number={4},
pages={240 -254},
keywords={AppRAISE;CPU resources application;RUBiS benchmark application;Xen virtual machines;across multiple virtual machines;application level performance management;feedback reactive control;integrating feedforward prediction;performance management solution;time varying resource demands;traditional queuing model;virtual machine capacity;virtual machine resizing;virtualized server environments;feedback;feedforward;queueing theory;resource allocation;virtual machines;},
doi={10.1109/TNSM.2009.04.090404},
ISSN={1932-4537},}

@ARTICLE{ctrl:kjaer-kr:2009,
author={Kjaer, M.A. and Kihl, M. and Robertsson, A.},
journal={Network and Service Management, IEEE Transactions on}, title={Resource allocation and disturbance rejection in web servers using SLAs and virtualized servers},
year={2009},
month=december ,
volume={6},
number={4},
pages={226 -239},
keywords={IT enterprise;Web Server;discrete event simulation;disturbance rejection;feedforward system;offline estimation;online adaption;resource allocation;resource management;virtualized servers;discrete event simulation;feedforward;file servers;parameter estimation;resource allocation;telecommunication control;},
doi={10.1109/TNSM.2009.04.090403},
ISSN={1932-4537},}

@ARTICLE{ctrl:abdelwahed-bsk:2009,
author={Abdelwahed, S. and Jia Bai and Rong Su and Kandasamy, N.},
journal={Network and Service Management, IEEE Transactions on}, title={On the application of predictive control techniques for adaptive performance management of computing systems},
year={2009},
month=december ,
volume={6},
number={4},
pages={212 -225},
keywords={adaptive performance management;automatic control synthesis;computing system management;performance specification;predictive control techniques;real-time computing system;system modeling;adaptive control;control engineering computing;fault tolerant computing;predictive control;real-time systems;},
doi={10.1109/TNSM.2009.04.090402},
ISSN={1932-4537},}

@ARTICLE{ctrl:hellerstein-sw:2009,
author={Hellerstein, J. and Singhal, S. and Qian Wang},
journal={Network and Service Management, IEEE Transactions on}, title={Research challenges in control engineering of computing systems},
year={2009},
month=december ,
volume={6},
number={4},
pages={206 -211},
keywords={closed loop systems;control engineering computing;control theory;software systems;closed loop systems;control engineering;control theory;software engineering;},
doi={10.1109/TNSM.2009.04.090401},
ISSN={1932-4537},}